<?xml version="1.0" encoding="UTF-8"?><collection xmlns="http://www.loc.gov/MARC21/slim"><record><leader>00310nam--2200121-i-4500</leader><controlfield tag="001">000006407</controlfield><controlfield tag="002">20161230</controlfield><controlfield tag="005">20161230201026</controlfield><controlfield tag="008">060222s1000------------r-----000-0-eng-d</controlfield><datafield ind1=" " ind2=" " tag="245"><subfield code="a">Cermets</subfield></datafield><datafield ind1=" " ind2=" " tag="260"><subfield code="a">New York, Reinhold Publ.Corporation, 1960</subfield></datafield><datafield ind1=" " ind2=" " tag="490"><subfield code="a">Vi + 239 P</subfield></datafield><datafield ind1=" " ind2=" " tag="700"><subfield code="a">Trinklepaugh, J.R.And Crandall, W.B</subfield></datafield></record></collection>